% Documento de ayuda que explica los campos soportados por cada tipo de elemento en la bibliografía
% https://mirror.las.iastate.edu/tex-archive/macros/latex/contrib/IEEEtran/bibtex/IEEEtran_bst_HOWTO.pdf

% A continuacion se muestran dos ejemplos, una web, un libro.
% Páginas webs de papers y artículos ofrecen un "Cite this", que suele dar el código BibTex para citar dicho artículo/paper.

@article{chazal2021introduction,
  author    = {Frédéric Chazal and Bertrand Michel},
  title     = {An Introduction to Topological Data Analysis: Fundamental and Practical Aspects for Data Scientists},
  journal   = {Frontiers in Artificial Intelligence},
  volume    = {4},
  pages     = {},
  year      = {2021},
  doi       = {10.3389/frai.2021.667963},
  url       = {https://www.frontiersin.org/articles/10.3389/frai.2021.667963/full}
}

@article{hensel2021survey,
  author    = {Felix Hensel and Michael Moor and Bastian Rieck},
  title     = {A Survey of Topological Machine Learning Methods},
  journal   = {Frontiers in Artificial Intelligence},
  volume    = {4},
  pages     = {},
  year      = {2021},
  doi       = {10.3389/frai.2021.681108},
  url       = {https://www.frontiersin.org/articles/10.3389/frai.2021.681108/full}
}

@article{airtraffic2025,
  author    = {Manuel Cuerno and Luis Guijarro and Rosa María Arnaldo Valdés and Fernando Gómez Comendador},
  title     = {Topological Data Analysis in Air Traffic Management: The Shape of Big Flight Data Sets},
  journal   = {PLOS ONE},
  year      = {2025},
  doi       = {10.1371/journal.pone.0318108},
  url       = {https://journals.plos.org/plosone/article?id=10.1371/journal.pone.0318108},
}


@inproceedings{bosoni2024predicting,
  author    = {Bosoni, P. and Vazifehdan, M. and Pala, Daniele and Tavazzi, E. and Bergamaschi, R. and Bellazzi, R. and Dagliati, A.},
  title     = {Predicting Multiple Sclerosis Relapses Using Patient Exposure Trajectories},
  booktitle = {Proceedings of the Intelligent Disease Progression Prediction (iDPP) CLEF 2024 Challenge},
  year      = {2024},
  url       = {https://aisberg.unibg.it/handle/10446/292385},
}
@article{leykam2023topological,
  author    = {Leykam, Daniel and Angelakis, Dimitris G.},
  title     = {Topological Data Analysis and Machine Learning},
  journal   = {Advances in Physics: X},
  volume    = {8},
  number    = {1},
  pages     = {},
  year      = {2023},
  doi       = {10.1080/23746149.2023.2202331},
  url       = {https://www.tandfonline.com/doi/full/10.1080/23746149.2023.2202331}
}



@article{geolife1,
  author    = {Yu Zheng and Lizhu Zhang and Xing Xie and Wei-Ying Ma},
  title     = {Mining interesting locations and travel sequences from GPS trajectories},
  journal   = {WWW '09: Proceedings of the 18th international conference on World wide web},
  volume = {},
  number = {},
  pages     = {791-800},
  year      = {2009},
  doi       = {https://doi.org/10.1145/1526709.1526816},
  url       = {https://www.microsoft.com/en-us/research/wp-content/uploads/2016/02/fp120-zheng.pdf}
}

@article{geolife2,
  author    = {Yu Zheng and Quannan Li and Yukun Chen, Xing Xie and Wei-Ying Ma},
  title     = {Understanding Mobility Based on GPS Data. In Proceedings of ACM conference on Ubiquitous Computing},
  journal   = {ACM Press},
  pages     = {312-321},
  year      = {2008},
  doi       = {http://dx.doi.org/10.1145/1409635.1409677},
  url       = {https://www.microsoft.com/en-us/research/wp-content/uploads/2016/02/Ubicomp270-yuzheng.pdf}
}

@article{geolife3,
  author    = {Yu Zheng, Xing Xie, Wei-Ying Ma},
  title     = {GeoLife: A Collaborative Social Networking Service among User, location and trajectory.},
  journal   = {IEEE Data Engineering Bulletin},
  volume    = {33},
  number    = {2},
  pages     = {32-40},
  year      = {2010},
  url       = {https://www.microsoft.com/en-us/research/wp-content/uploads/2016/02/GeoLife-A20Collaborative20Social20Networking20Service20among20User2C20Location20and20Trajectory.pdf}
}

@manual{geolife_datos,
    key = data,
    title = Dataset,
    url = {https://www.kaggle.com/datasets/arashnic/microsoft-geolife-gps-trajectory-dataset}
}

@manual{gudhi,
    key = gudhi,
    title = Gudhi,
    url = {https://gudhi.inria.fr/python/latest/}
}

@manual{DIPHA,
    key = dipha,
    title = DIPHA,
    url = {https://github.com/DIPHA/dipha}
}

@misc{Giotto-tda,
  author = {Lumino, A. and Massimo, A. and Marchese, A. and Rieck, B. and others},
  title = {Giotto-TDA: A Topological Data Analysis Toolkit for Machine Learning and Data Exploration},
  year = {2020},
  url = {https://github.com/giotto-ai/giotto-tda},
}

@article{lamosa2021topological,
  title={Topological indexes and community structure for urban mobility networks: Variations in a business day},
  author={Lamosa, J{\'e}ssica D and Tom{\'a}s, L{\'\i}via R and Quiles, Marcos G and Londe, Luciana R and Santos, Leonardo B L and Macau, Elbert E N},
  journal={PLoS ONE},
  volume={16},
  number={3},
  pages={e0248126},
  year={2021},
  publisher={Public Library of Science},
  doi={10.1371/journal.pone.0248126}
}

@article{shaikhina2020tda,
  author    = {Shaikhina, T. and Phethean, J. and Folarin, A. and Patel, R. and Stewart, R. and Dymond, M. and Dobson, R. and Sudlow, C. and Simons, B. D.},
  title     = {Topological data analysis identifies distinct biomarker clusters in Alzheimer’s disease},
  journal   = {Scientific Reports},
  volume    = {10},
  number    = {1},
  pages     = {20357},
  year      = {2020},
  publisher = {Nature Publishing Group},
  doi       = {10.1038/s41598-020-77896-0},
  url       = {https://www.nature.com/articles/s41598-020-77896-0}
}
@article{espinoza2022tda_air,
  title={Topological data analysis for anomaly detection in air traffic data},
  author={Espinoza-Molina, Daniela and Breitenberger, Florian and Henzinger, Thomas A},
  journal={Journal of Air Transport Management},
  volume={104},
  pages={100136},
  year={2022},
  publisher={Elsevier},
  doi={10.1016/j.jairtraman.2022.100136},
  url={https://www.sciencedirect.com/science/article/pii/S0969699722000332}
}

@article{garland2021tda_dynamics,
  title={Topological data analysis of dynamical systems: Concepts, computation, and applications},
  author={Garland, Joshua D and Bradley, Elizabeth},
  journal={Chaos: An Interdisciplinary Journal of Nonlinear Science},
  volume={31},
  number={6},
  pages={063116},
  year={2021},
  publisher={AIP Publishing},
  doi={10.1063/5.0039292},
  url={https://doi.org/10.1063/5.0039292}
}
% Bibliografía añadida (formato BibTeX con DOI y URL)
@article{Zia2024,
author = {Ali Zia and Abdelwahed Khamis and James Nichols and Usman Bashir Tayab and Zeeshan Hayder and Vivien Rolland and Eric Stone and Lars Petersson},
title = {Topological deep learning: a review of an emerging paradigm},
journal = {Artificial Intelligence Review},
year = {2024},
volume = {57},
pages = {77},
doi = {10.1007/s10462-024-10710-9},
url = {https://doi.org/10.1007/s10462-024-10710-9}
} @article{Liu2023,
author = {Meng Liu and Tamal K. Dey and David F. Gleich},
title = {Topological structure of complex predictions},
journal = {Nature Machine Intelligence},
year = {2023},
volume = {5},
pages = {1382--1389},
doi = {10.1038/s42256-023-00749-8},
url = {https://doi.org/10.1038/s42256-023-00749-8}
} @article{EsteveFalco2024,
author = {Miriam Esteve and Antonio Falc'o},
title = {tramoTDA: A trajectory monitoring system using Topological Data Analysis},
journal = {SoftwareX},
year = {2024},
volume = {28},
pages = {101953},
doi = {10.1016/j.softx.2024.101953},
url = {https://doi.org/10.1016/j.softx.2024.101953}
} @article{EsteveFalco2025,
author = {Miriam Esteve and Antonio Falc'o},
title = {Trajectory Classification Through Topological Data Analysis: Perspectives},
journal = {IEEE Access},
year = {2025},
volume = {13},
pages = {32458--32469},
doi = {10.1109/ACCESS.2025.3543111},
url = {https://doi.org/10.1109/ACCESS.2025.3543111}
} @article{Cuerno2025,
author = {Manuel Cuerno and Luis Guijarro and Ra'ul M. A. Vald'es and Fernando G. Comendador},
title = {Topological data analysis in air traffic management: The shape of big flight data sets},
journal = {PLOS ONE},
year = {2025},
volume = {20},
number = {2},
pages = {e0318108},
doi = {10.1371/journal.pone.0318108},
url = {https://doi.org/10.1371/journal.pone.0318108}
} @article{EvansLee2024,
author = {Kyle Evans-Lee and Kevin Lamb},
title = {Identification of Anomalous Geospatial Trajectories via Persistent Homology},
journal = {arXiv preprint arXiv:2410.03889},
year = {2024},
doi = {10.48550/arXiv.2410.03889},
url = {https://arxiv.org/abs/2410.03889}
} @article{Bhaskar2023,
author = {Dhananjay Bhaskar and William Y. Zhang and Alexandria Volkening and Bj{"o}rn Sandstede and Ian Y. Wong},
title = {Topological data analysis of spatial patterning in heterogeneous cell populations: clustering and sorting with varying cell-cell adhesion},
journal = {NPJ Systems Biology and Applications},
year = {2023},
volume = {9},
pages = {43},
doi = {10.1038/s41540-023-00302-8},
url = {https://doi.org/10.1038/s41540-023-00302-8}
}
@misc{ODS,
    key = ODS,
    note = A,
    URL={https://www.un.org/sustainabledevelopment/es/2015/09/la-asamblea-general-adopta-la-agenda-2030-para-el-desarrollo-sostenible/}
}
@article{refBase1,
  author    = {Jianbo Yuan and Xuefei Li and Anastasios Noulas},
  title     = {A Survey on Trajectory Clustering Analysis Techniques for Trajectory Mining},
  journal   = {IEEE Transactions on Knowledge and Data Engineering},
  year      = {2020},
  doi       = {10.1109/TKDE.2020.3034874}
}

@article{refPreproc,
  author    = {Zheng, Yu and Zhou, Xiaofang and Xie, Xing},
  title     = {Understanding Mobility Based on GPS Data},
  journal   = {Proceedings of the 10th International Conference on Ubiquitous Computing},
  year      = {2008},
  pages     = {312--321},
  doi       = {10.1145/1409635.1409677}
}

@book{refFeatures,
  author    = {C. Aggarwal and C. Reddy},
  title     = {Data Clustering: Algorithms and Applications},
  publisher = {Chapman and Hall/CRC},
  year      = {2013}
}

@book{refPCA,
  author    = {I.T. Jolliffe},
  title     = {Principal Component Analysis},
  publisher = {Springer},
  edition   = {2nd},
  year      = {2002}
}

@article{refKMeans,
  author    = {MacQueen, J.},
  title     = {Some Methods for Classification and Analysis of Multivariate Observations},
  journal   = {Proceedings of the Fifth Berkeley Symposium on Mathematical Statistics and Probability},
  volume    = {1},
  year      = {1967},
  pages     = {281--297}
}

@article{refDBSCAN,
  author    = {Ester, Martin and Kriegel, Hans-Peter and Sander, Jörg and Xu, Xiaowei},
  title     = {A density-based algorithm for discovering clusters in large spatial databases with noise},
  booktitle = {Proceedings of the 2nd International Conference on Knowledge Discovery and Data Mining (KDD)},
  year      = {1996},
  pages     = {226--231}
}

@article{refFrechet,
  author    = {Eiter, Thomas and Mannila, Heikki},
  title     = {Computing Discrete Fréchet Distance},
  journal   = {Technical Report CD-TR 94/64},
  year      = {1994},
  institution = {Christian Doppler Laboratory}
}

@article{refDTW,
  author    = {Berndt, Donald J. and Clifford, James},
  title     = {Using Dynamic Time Warping to Find Patterns in Time Series},
  booktitle = {Proceedings of the 3rd International Conference on Knowledge Discovery and Data Mining (KDD)},
  year      = {1994},
  pages     = {359--370}
}

@manual{refMatplotlib,
  title     = {Matplotlib: Visualization with Python},
  author    = {{Matplotlib Development Team}},
  year      = {2023},
  url       = {https://matplotlib.org}
}

@manual{refSeaborn,
  title     = {Seaborn: Statistical Data Visualization},
  author    = {{Michael Waskom et al.}},
  year      = {2023},
  url       = {https://seaborn.pydata.org}
}

@article{refComparison,
  author    = {Carrière, Mathieu and Michel, Bertrand and Oudot, Steve},
  title     = {Statistical Analysis and Parameter Selection for Mapper},
  journal   = {Journal of Machine Learning Research},
  volume    = {19},
  number    = {1},
  year      = {2018},
  pages     = {478--516},
  url       = {http://jmlr.org/papers/v19/17-047.html}
}

@online{bourbaki_mapper,
  author       = {Colegio Bourbaki},
  title        = {El algoritmo de Mapper y el análisis topológico de datos},
  year         = {2021},
  url          = {https://www.colegio-bourbaki.com/blog/el-algoritmo-de-mapper-y-el-analisis-topologico-de-datos},
  note         = {Consultado el 27 de mayo de 2025}
}

@article{balasubramanian2015cancerTDA,
  author    = {Balasubramanian, V. and Krishnasamy, K. and Meenakshi, S.},
  title     = {Detection of Cancer in Gene Expression Data Using Topological Data Analysis},
  journal   = {International Journal of VLSI design \& Communication Systems (VLSICS)},
  volume    = {6},
  number    = {1},
  year      = {2015},
  url       = {https://www.aircconline.com/vlsics/V6N1/6115vlsi01.pdf}
}

@article{jiang2022tdaOnco,
  author    = {Jiang, Peiyuan and Xu, Mingxi and Fu, Zhongzhi and Li, Sheng and Peng, Hongfang and Lin, Rong},
  title     = {A topological data analysis network model of genes for cancer outcome prediction},
  journal   = {Frontiers in Oncology},
  volume    = {12},
  pages     = {1043411},
  year      = {2022},
  doi       = {10.3389/fonc.2022.1043411},
  url       = {https://www.frontiersin.org/articles/10.3389/fonc.2022.1043411/full}
}

@incollection{saleh2023tdaDiabetes,
  author    = {Saleh, Ramy and Riad, Amal},
  title     = {Machine Learning and Topological Data Analysis Approaches for Diagnosing Diabetes Mellitus},
  booktitle = {Handbook of Research on Advanced Practical Approaches to Deepfake Detection and Applications},
  publisher = {IGI Global},
  year      = {2023},
  pages     = {170--187},
  doi       = {10.4018/979-8-3693-0570-3.ch008},
  url       = {https://www.igi-global.com/chapter/machine-learning-and-topological-data-analysis-approaches-for-diagnosing-diabetes-mellitus/379970}
}

@inproceedings{chi2021diabetes,
  author    = {Chi, Leyi and Shang, Yi and Xu, Hongfang and Wang, Fei},
  title     = {DeepPatient: An Online Framework for Personalized Diabetes Risk Prediction Using Longitudinal Electronic Health Records},
  booktitle = {Proceedings of the 27th ACM SIGKDD Conference on Knowledge Discovery \& Data Mining},
  year      = {2021},
  pages     = {2723--2731},
  doi       = {10.1145/3462741.3466653},
  url       = {https://dl.acm.org/doi/10.1145/3462741.3466653}
}

@article{cheng2024neurodegenerative,
  author    = {Cheng, Tianyu and Zhang, Hanyu and Wang, Zhe and Zheng, Liangjun and Wang, Qihui and Wang, Xiaosong},
  title     = {Early diagnosis of neurodegenerative diseases using persistent homology and deep learning},
  journal   = {Heliyon},
  volume    = {10},
  number    = {4},
  pages     = {e34858},
  year      = {2024},
  doi       = {10.1016/j.heliyon.2024.e34858},
  url       = {https://doi.org/10.1016/j.heliyon.2024.e34858}
}

@article{jeong2016tdaParkinson,
  author    = {Jeong, Jaewook and Kim, Kang and Jeong, Yong},
  title     = {Functional brain connectivity from EEG data: An application of persistent brain network homology},
  journal   = {Journal of Parkinson's Disease},
  volume    = {6},
  number    = {4},
  pages     = {699--710},
  year      = {2016},
  doi       = {10.3233/JPD-150662},
  url       = {https://journals.sagepub.com/doi/full/10.3233/JPD-150662}
}

@article{liu2023tdaDementia,
  author    = {Liu, Wei and Zhang, Peng and Zhang, Jinlong and Jin, Yaqing and Wang, Xiaoyang},
  title     = {Topological feature extraction and analysis of Alzheimer’s disease based on functional MRI data},
  journal   = {Frontiers in Neurology},
  volume    = {14},
  pages     = {1150634},
  year      = {2023},
  doi       = {10.3389/fneur.2023.1150634},
  url       = {https://www.frontiersin.org/articles/10.3389/fneur.2023.1150634/full}
}

@article{hofer2020tdaParkinson,
  author    = {Hofer, Christina and et al.},
  title     = {Topological features of EEG in Parkinson’s disease},
  journal   = {arXiv preprint},
  year      = {2020},
  eprint    = {2004.07384},
  archivePrefix = {arXiv},
  primaryClass = {q-bio.NC},
  url       = {https://arxiv.org/pdf/2004.07384}
}

@misc{tdaverse,
  author = {{tdaverse contributors}},
  title = {tdaverse: A family of R packages for Topological Data Analysis},
  year = {2023},
  howpublished = {\url{https://github.com/tdaverse/tdaverse}},
}

@misc{ripserr,
  author = {{tdaverse contributors}},
  title = {ripserr: Fast persistent homology computation in R},
  year = {2023},
  howpublished = {\url{https://github.com/tdaverse/ripserr}},
}

@misc{phutil,
  author = {CRAN Team},
  title = {phutil: Utilities for working with persistent homology in R},
  year = {2023},
  howpublished = {\url{https://cran.r-project.org/web/packages/phutil/index.html}},
}

@misc{tdarec,
  author = {CRAN Team},
  title = {tdarec: Tools for Topological Data Analysis based on Reconstruction Methods},
  year = {2023},
  howpublished = {\url{https://cran.rediris.es/web/packages/tdarec/readme/README.html}},
}

@manual{numpy_ndarray,
  title        = {numpy.ndarray --- NumPy v2.1 Manual},
  author       = {{NumPy Developers}},
  year         = {2024},
  url          = {https://numpy.org/doc/2.1/reference/generated/numpy.ndarray.html},
}

@misc{chatgpt_conversacion,
  author       = {{OpenAI}},
  title        = {ChatGPT},
  year         = {2022},
  note         = {Disponible en: \url{https://chatgpt.com/}}
}



